@ARTICLE
  {brilliantgift15,
   author = "B. Dylan and D. Trump",
   title = "How to write a good thesis in three months",
   journal = "International Journal of Computer Science",
   volume = "42",
   pages = "123--456",
   year = 2017}

# dataset
@InProceedings{akent-2015-enterprise-data,
   author = {Alexander D. Kent},
   title = {{Cybersecurity Data Sources for Dynamic Network Research}},
   year = 2015,
   booktitle = {Dynamic Networks in Cybersecurity},
   month =        jun,
   publisher = {Imperial College Press}
}

# unsupervised, for groups, probabilistic
@inproceedings{olsson2015probabilistic,
  title={A Probabilistic Approach to Aggregating Anomalies for Unsupervised Anomaly Detection with Industrial Applications.},
  author={Olsson, Tomas and Holst, Anders},
  booktitle={FLAIRS Conference},
  pages={434--439},
  year={2015}
}

# LSTM, evaluated on labeled
@inproceedings{malhotra2015long,
  title={Long short term memory networks for anomaly detection in time series},
  author={Malhotra, Pankaj and Vig, Lovekesh and Shroff, Gautam and Agarwal, Puneet},
  booktitle={Proceedings},
  pages={89},
  year={2015},
  organization={Presses universitaires de Louvain}
}

# clustering based for unsupervised
@INPROCEEDINGS{Portnoy01intrusiondetection,
    author = {Leonid Portnoy and Eleazar Eskin and Sal Stolfo},
    title = {Intrusion detection with unlabeled data using clustering},
    booktitle = {In Proceedings of ACM CSS Workshop on Data Mining Applied to Security (DMSA-2001},
    year = {2001},
    pages = {5--8}
}

# intrusion detection
@inproceedings{roesch1999snort,
  title={Snort: Lightweight intrusion detection for networks.},
  author={Roesch, Martin and others},
  booktitle={Lisa},
  volume={99},
  number={1},
  pages={229--238},
  year={1999}
}

# classifiers
@inproceedings{lee1998data,
  title={Data mining approaches for intrusion detection.},
  author={Lee, Wenke and Stolfo, Salvatore J and others},
  booktitle={USENIX Security Symposium},
  pages={79--93},
  year={1998},
  organization={San Antonio, TX}
}

# backpropagation neural network
@inproceedings{ryan1998intrusion,
  title={Intrusion detection with neural networks},
  author={Ryan, Jake and Lin, Meng-Jang and Miikkulainen, Risto},
  booktitle={Advances in neural information processing systems},
  pages={943--949},
  year={1998}
}

# 
@inproceedings{cannady1998artificial,
  title={Artificial neural networks for misuse detection},
  author={Cannady, James},
  booktitle={National information systems security conference},
  pages={368--81},
  year={1998}
}